%YAML 1.1
%TAG !u! tag:unity3d.com,2011:
--- !u!1 &100000
GameObject:
  m_ObjectHideFlags: 0
  m_PrefabParentObject: {fileID: 0}
  m_PrefabInternal: {fileID: 100100000}
  serializedVersion: 4
  m_Component:
  - 4: {fileID: 400000}
  - 212: {fileID: 21200000}
  - 60: {fileID: 6000000}
  - 114: {fileID: 11400000}
  - 50: {fileID: 5000000}
  m_Layer: 0
  m_Name: enemyNarwhal
  m_TagString: Enemy
  m_Icon: {fileID: 0}
  m_NavMeshLayer: 0
  m_StaticEditorFlags: 0
  m_IsActive: 1
--- !u!4 &400000
Transform:
  m_ObjectHideFlags: 1
  m_PrefabParentObject: {fileID: 0}
  m_PrefabInternal: {fileID: 100100000}
  m_GameObject: {fileID: 100000}
  m_LocalRotation: {x: 0, y: 0, z: 0, w: 1}
  m_LocalPosition: {x: 6.17662144, y: 13.8501062, z: 0}
  m_LocalScale: {x: 3, y: 3, z: 1}
  m_Children: []
  m_Father: {fileID: 0}
--- !u!50 &5000000
Rigidbody2D:
  m_ObjectHideFlags: 1
  m_PrefabParentObject: {fileID: 0}
  m_PrefabInternal: {fileID: 100100000}
  m_GameObject: {fileID: 100000}
  m_Mass: 1
  m_LinearDrag: 6
  m_AngularDrag: .0500000007
  m_GravityScale: 0
  m_FixedAngle: 1
  m_IsKinematic: 0
  m_Interpolate: 0
  m_SleepingMode: 1
  m_CollisionDetection: 0
--- !u!60 &6000000
PolygonCollider2D:
  m_ObjectHideFlags: 1
  m_PrefabParentObject: {fileID: 0}
  m_PrefabInternal: {fileID: 100100000}
  m_GameObject: {fileID: 100000}
  m_Enabled: 1
  m_Material: {fileID: 0}
  m_IsTrigger: 0
  m_Poly:
    m_Paths:
    - - {x: .569999993, y: .0700000003}
      - {x: .469999999, y: .209999993}
      - {x: .310000002, y: .370000005}
      - {x: .0799999982, y: .48999998}
      - {x: -.00999999978, y: .519999981}
      - {x: -.170000002, y: .50999999}
      - {x: -.349999994, y: .659999967}
      - {x: -.389999986, y: .659999967}
      - {x: -.389999986, y: .629999995}
      - {x: -.310000002, y: .479999989}
      - {x: -.409999996, y: .459999979}
      - {x: -.469999999, y: .399999976}
      - {x: -.649999976, y: .049999997}
      - {x: -.649999976, y: .049999997}
      - {x: -.649999976, y: -.0299999993}
      - {x: -.539999962, y: -.00999999978}
      - {x: -.449999988, y: -.0299999993}
      - {x: -.379999995, y: -.119999997}
      - {x: -.299999982, y: -.179999992}
      - {x: -.049999997, y: -.199999988}
      - {x: .449999988, y: -.049999997}
      - {x: .48999998, y: -.149999991}
      - {x: .560000002, y: -.239999995}
      - {x: .639999986, y: -.239999995}
      - {x: .680000007, y: -.229999989}
      - {x: .769999981, y: -.0799999982}
      - {x: .769999981, y: .0199999996}
      - {x: .639999986, y: .0599999987}
--- !u!114 &11400000
MonoBehaviour:
  m_ObjectHideFlags: 1
  m_PrefabParentObject: {fileID: 0}
  m_PrefabInternal: {fileID: 100100000}
  m_GameObject: {fileID: 100000}
  m_Enabled: 1
  m_EditorHideFlags: 0
  m_Script: {fileID: 11500000, guid: ef474d77e998d4890bff85103fb4c947, type: 3}
  m_Name: 
  m_EditorClassIdentifier: 
  moveSpeed: 40
  HP: 2
  deadEnemy: {fileID: 0}
  damagedEnemy: {fileID: 0}
  deathClips: []
  experiencePointsUI: {fileID: 0}
  deathSpinMin: -100
  deathSpinMax: 100
  aggroDistance: 10
  attackDamage: 10
  attackKnockback: 10
--- !u!212 &21200000
SpriteRenderer:
  m_ObjectHideFlags: 1
  m_PrefabParentObject: {fileID: 0}
  m_PrefabInternal: {fileID: 100100000}
  m_GameObject: {fileID: 100000}
  m_Enabled: 1
  m_CastShadows: 0
  m_ReceiveShadows: 0
  m_LightmapIndex: 255
  m_LightmapTilingOffset: {x: 1, y: 1, z: 0, w: 0}
  m_Materials:
  - {fileID: 10754, guid: 0000000000000000e000000000000000, type: 0}
  m_SubsetIndices: 
  m_StaticBatchRoot: {fileID: 0}
  m_UseLightProbes: 0
  m_LightProbeAnchor: {fileID: 0}
  m_ScaleInLightmap: 1
  m_SortingLayer: 3
  m_SortingOrder: 0
  m_SortingLayerID: 2511236001
  m_Sprite: {fileID: 21300000, guid: 974258638fae38c4d8b2b9c6558430dd, type: 3}
  m_Color: {r: 1, g: 1, b: 1, a: 1}
--- !u!1001 &100100000
Prefab:
  m_ObjectHideFlags: 1
  serializedVersion: 2
  m_Modification:
    m_TransformParent: {fileID: 0}
    m_Modifications: []
    m_RemovedComponents: []
  m_ParentPrefab: {fileID: 0}
  m_RootGameObject: {fileID: 100000}
  m_IsPrefabParent: 1
  m_IsExploded: 1
